@book{bishop2006pattern,
  title={Pattern recognition and machine learning},
  author={Bishop, Christopher M},
  year={2006},
  publisher={springer}
}

@misc{kaggle,
    author={{Kaggle}},
    title={Web Traffic Time Series Forecasting},
    note={\url{https://www.kaggle.com/c/web-traffic-time-series-forecasting}}
    year={visited on 06/12/2017}
}

@misc{kaggle_data,
    author={{Kaggle}},
    title={Web Traffic Time Series Forecasting Data},
    note{\url{https://www.kaggle.com/c/web-traffic-time-series-forecasting/data}}
    year={visited on 06/12/2017}
}
